@inproceedings{Morisse2017,
    author    = "Pierre Morisse and Thierry Lecroq and Arnaud Lefebvre",
    title     = "HG-CoLoR: Hybrid-Graph for the error Correction of Long Reads",
    booktitle = "Actes des Journées Ouvertes Biologie Informatique et Mathématiques",
    year      = "2017"
}

@article{Marcais2011,
    author  = "Guillaume Marcais and Carl Kingsford",
    title   = "A fast, lock-free approach for efficient parallel counting of occurrences of k-mers",
    journal = "Bioinformatics",
    year    = "2011",
    volume  = "27(6)",
    pages   = "764-770"
}

@inproceedings{Cuckoo2013,
    author    = "Bin Fan and David G. Andersen and Michael Kaminsky",
    title     = "MemC3: Compact and Concurrent MemCache with Dumber Caching and Smarter Hashing",
    booktitle = "Networked Systems Design and Implementation",
    year      = "2013",
    month     = "apr"
}

@inproceedings{Cuckoo2014,
    author    = "Xiaozhou Li and David G. Andersen and Michael Kaminsky and Michael J. Freedman",
    title     = "Algorithmic Improvements for Fast Concurrent Cuckoo Hashing",
    booktitle = "EuroSys",
    year      = "2014",
    month     = "apr"
}
