@inproceedings{Morisse2017,
    author    = "Pierre Morisse and Thierry Lecroq and Arnaud Lefebvre",
    title     = "HG-CoLoR: Hybrid-Graph for the error Correction of Long Reads",
    booktitle = "Actes des Journées Ouvertes Biologie Informatique et Mathématiques",
    year      = "2017"
}

@article{Marcais2011,
    author  = "Guillaume Marcais and Carl Kingsford",
    title   = "A fast, lock-free approach for efficient parallel counting of occurrences of k-mers",
    journal = "Bioinformatics",
    year    = "2011",
    volume  = "27(6)",
    pages   = "764-770"
}
